
    <record xmlns="http://www.loc.gov/MARC21/slim">
        <leader>00745cim a2200253 4500</leader>
        <controlfield tag="001">1299685</controlfield>
        <controlfield tag="005">20151205164846.0</controlfield>
        <controlfield tag="007">st|km|bmb||||</controlfield>
        <controlfield tag="008">770922s1975 xxu||| | l eng </controlfield>
        <datafield ind1=" " ind2=" " tag="035">
            <subfield code="a">(CStRLIN)NYCX3285610R</subfield>
        </datafield>
        <datafield ind1=" " ind2=" " tag="035">
            <subfield code="a">(NIC)notisAGA1213</subfield>
        </datafield>
        <datafield ind1=" " ind2=" " tag="035">
            <subfield code="a">(OCoLC)3285610</subfield>
        </datafield>
        <datafield ind1=" " ind2=" " tag="035">
            <subfield code="a">1299685</subfield>
        </datafield>
        <datafield ind1=" " ind2=" " tag="040">
            <subfield code="a">NIC</subfield>
            <subfield code="c">NIC</subfield>
            <subfield code="d">CStRLIN</subfield>
        </datafield>
        <datafield ind1=" " ind2=" " tag="045">
            <subfield code="a">x7x7</subfield>
        </datafield>
        <datafield ind1="1" ind2=" " tag="100">
            <subfield code="a">Hiss, Alger.</subfield>
        </datafield>
        <datafield ind1="1" ind2="0" tag="245">
            <subfield code="a">McCarthyism.</subfield>
            <subfield code="h">[Sound recording]</subfield>
        </datafield>
        <datafield ind1=" " ind2=" " tag="300">
            <subfield code="a">1 reel. 1/2 track. mono.</subfield>
        </datafield>
        <datafield ind1=" " ind2=" " tag="500">
            <subfield code="a">Recorded March 13, 1975 at Ives Hall.</subfield>
        </datafield>
        <datafield ind1=" " ind2=" " tag="500">
            <subfield code="a">Duration: 32 minutes.</subfield>
        </datafield>
        <datafield ind1="1" ind2="0" tag="600">
            <subfield code="a">McCarthy, Joseph,</subfield>
            <subfield code="d">1908-1957.</subfield>
        </datafield>
        <datafield ind1="1" ind2="7" tag="600">
            <subfield code="a">McCarthy, Joseph,</subfield>
            <subfield code="d">1908-1957</subfield>
            <subfield code="2">fast</subfield>
            <subfield code="0">(OCoLC)fst00034087</subfield>
        </datafield>
        <datafield ind1=" " ind2=" " tag="905">
            <subfield code="a">19330303120000.0</subfield>
        </datafield>
        <datafield ind1="2" ind2=" " tag="948">
            <subfield code="a">20141118</subfield>
            <subfield code="b">m</subfield>
            <subfield code="d">batch</subfield>
            <subfield code="e">lts</subfield>
            <subfield code="x">addfast</subfield>
        </datafield>
    </record>