
    <record xmlns="http://www.loc.gov/MARC21/slim">
        <leader>01434cim a22003372u 4500</leader>
        <controlfield tag="001">3601518</controlfield>
        <controlfield tag="005">20151214182857.0</controlfield>
        <controlfield tag="007">ss|lmnjluz|nuu</controlfield>
        <controlfield tag="008">991101s1983 nyunnn l eng d</controlfield>
        <datafield ind1=" " ind2=" " tag="035">
            <subfield code="a">(NIC)notisASF8583</subfield>
        </datafield>
        <datafield ind1=" " ind2=" " tag="035">
            <subfield code="a">3601518</subfield>
        </datafield>
        <datafield ind1=" " ind2=" " tag="035">
            <subfield code="a">(OCoLC)63897743</subfield>
        </datafield>
        <datafield ind1=" " ind2=" " tag="040">
            <subfield code="a">NIC</subfield>
            <subfield code="c">NIC</subfield>
            <subfield code="d">NIC</subfield>
            <subfield code="d">NIC</subfield>
        </datafield>
        <datafield ind1="1" ind2=" " tag="100">
            <subfield code="a">Marinaro, Ed.</subfield>
        </datafield>
        <datafield ind1="1" ind2="0" tag="245">
            <subfield code="a">All the world&apos;s a stage: an insider&apos;s perspective on
                &quot;Hill Street Blues&quot;</subfield>
            <subfield code="h">[sound recording]</subfield>
        </datafield>
        <datafield ind1=" " ind2=" " tag="260">
            <subfield code="c">1983.</subfield>
        </datafield>
        <datafield ind1=" " ind2=" " tag="300">
            <subfield code="a">2 sound cassettes :</subfield>
            <subfield code="b">analog, mono.</subfield>
        </datafield>
        <datafield ind1=" " ind2=" " tag="500">
            <subfield code="a">Recorded in Ithaca, NY by Cornell University.</subfield>
        </datafield>
        <datafield ind1=" " ind2=" " tag="500">
            <subfield code="a">Sponsored by: Interfraternity Council,Dean of Students
                Office,Graduate School,Council on the Creative and Performing Arts,The Theatre of
                Ideas.</subfield>
        </datafield>
        <datafield ind1=" " ind2=" " tag="500">
            <subfield code="a">Speaker(s): Former actor on &quot;Hill Street Blues&quot;; alumnus of
                Cornell.</subfield>
        </datafield>
        <datafield ind1=" " ind2=" " tag="518">
            <subfield code="a">Lecture, April 15, 1983.</subfield>
        </datafield>
        <datafield ind1=" " ind2=" " tag="520">
            <subfield code="a">Marinaro talks of his career as a pro football player and as an
                actor, explaining the adjustment from athlete to actor.</subfield>
        </datafield>
        <datafield ind1="2" ind2="0" tag="610">
            <subfield code="a">Cornell University</subfield>
            <subfield code="x">Alumni and alumnae.</subfield>
        </datafield>
        <datafield ind1=" " ind2="0" tag="650">
            <subfield code="a">Television</subfield>
            <subfield code="x">Biography.</subfield>
        </datafield>
        <datafield ind1="2" ind2="7" tag="610">
            <subfield code="a">Cornell University</subfield>
            <subfield code="2">fast</subfield>
            <subfield code="0">(OCoLC)fst00530369</subfield>
        </datafield>
        <datafield ind1=" " ind2="7" tag="650">
            <subfield code="a">Television</subfield>
            <subfield code="2">fast</subfield>
            <subfield code="0">(OCoLC)fst01146535</subfield>
        </datafield>
        <datafield ind1=" " ind2="7" tag="650">
            <subfield code="a">Universities and colleges</subfield>
            <subfield code="x">Alumni and alumnae</subfield>
            <subfield code="2">fast</subfield>
            <subfield code="0">(OCoLC)fst01161636</subfield>
        </datafield>
        <datafield ind1=" " ind2="7" tag="655">
            <subfield code="a">Biography</subfield>
            <subfield code="2">fast</subfield>
            <subfield code="0">(OCoLC)fst01423686</subfield>
        </datafield>
        <datafield ind1="1" ind2=" " tag="899">
            <subfield code="a">CULectures</subfield>
        </datafield>
        <datafield ind1=" " ind2=" " tag="905">
            <subfield code="a">20000316120000.0</subfield>
        </datafield>
        <datafield ind1="2" ind2=" " tag="948">
            <subfield code="a">20141221</subfield>
            <subfield code="b">m</subfield>
            <subfield code="d">batch</subfield>
            <subfield code="e">lts</subfield>
            <subfield code="x">addfast</subfield>
        </datafield>
    </record>