
    <record xmlns="http://www.loc.gov/MARC21/slim">
        <leader>01151cim a22003012u 4500</leader>
        <controlfield tag="001">3601570</controlfield>
        <controlfield tag="005">20151214211225.0</controlfield>
        <controlfield tag="007">ss|lmnjluz|nuu</controlfield>
        <controlfield tag="008">991101s1983 nyunnn l eng d</controlfield>
        <datafield ind1=" " ind2=" " tag="035">
            <subfield code="a">(NIC)notisASF8635</subfield>
        </datafield>
        <datafield ind1=" " ind2=" " tag="035">
            <subfield code="a">3601570</subfield>
        </datafield>
        <datafield ind1=" " ind2=" " tag="035">
            <subfield code="a">(OCoLC)63897828</subfield>
        </datafield>
        <datafield ind1=" " ind2=" " tag="040">
            <subfield code="a">NIC</subfield>
            <subfield code="c">NIC</subfield>
            <subfield code="d">NIC</subfield>
            <subfield code="d">NIC</subfield>
        </datafield>
        <datafield ind1="1" ind2=" " tag="100">
            <subfield code="a">McGovern, George S.</subfield>
            <subfield code="q">(George Stanley),</subfield>
            <subfield code="d">1922-2012.</subfield>
        </datafield>
        <datafield ind1="1" ind2="0" tag="245">
            <subfield code="a">Presidential forum: George McGovern</subfield>
            <subfield code="h">[sound recording]</subfield>
        </datafield>
        <datafield ind1=" " ind2=" " tag="260">
            <subfield code="c">1983.</subfield>
        </datafield>
        <datafield ind1=" " ind2=" " tag="300">
            <subfield code="a">1 sound cassette (90 min.) :</subfield>
            <subfield code="b">analog, mono.</subfield>
        </datafield>
        <datafield ind1=" " ind2=" " tag="500">
            <subfield code="a">Recorded in Ithaca, NY by Cornell University.</subfield>
        </datafield>
        <datafield ind1=" " ind2=" " tag="500">
            <subfield code="a">Sponsored by: Frontlash.</subfield>
        </datafield>
        <datafield ind1=" " ind2=" " tag="518">
            <subfield code="a">Lecture, September 29, 1983.</subfield>
        </datafield>
        <datafield ind1=" " ind2=" " tag="520">
            <subfield code="a">McGovern describes his plans if elected in 1984 and discusses some of
                the problems facing the Reagan administration.</subfield>
        </datafield>
        <datafield ind1="1" ind2="0" tag="600">
            <subfield code="a">McGovern, George S.</subfield>
            <subfield code="q">(George Stanley),</subfield>
            <subfield code="d">1922-2012.</subfield>
        </datafield>
        <datafield ind1=" " ind2="0" tag="650">
            <subfield code="a">Presidents</subfield>
            <subfield code="x">Election.</subfield>
        </datafield>
        <datafield ind1="1" ind2="7" tag="600">
            <subfield code="a">McGovern, George S.</subfield>
            <subfield code="q">(George Stanley),</subfield>
            <subfield code="d">1922-2012</subfield>
            <subfield code="2">fast</subfield>
            <subfield code="0">(OCoLC)fst01801258</subfield>
        </datafield>
        <datafield ind1=" " ind2="7" tag="650">
            <subfield code="a">Presidents</subfield>
            <subfield code="x">Election</subfield>
            <subfield code="2">fast</subfield>
            <subfield code="0">(OCoLC)fst01075747</subfield>
        </datafield>
        <datafield ind1="1" ind2=" " tag="899">
            <subfield code="a">CULectures</subfield>
        </datafield>
        <datafield ind1=" " ind2=" " tag="905">
            <subfield code="a">20000330120000.0</subfield>
        </datafield>
        <datafield ind1="2" ind2=" " tag="948">
            <subfield code="a">20141221</subfield>
            <subfield code="b">m</subfield>
            <subfield code="d">batch</subfield>
            <subfield code="e">lts</subfield>
            <subfield code="x">addfast</subfield>
        </datafield>
    </record>