
    <record xmlns="http://www.loc.gov/MARC21/slim">
        <leader>01617cim a22003852u 4500</leader>
        <controlfield tag="001">3601159</controlfield>
        <controlfield tag="005">20151214182808.0</controlfield>
        <controlfield tag="007">ss|lmnjluz|nuu</controlfield>
        <controlfield tag="008">991101s1984 nyunnn l eng d</controlfield>
        <datafield ind1=" " ind2=" " tag="035">
            <subfield code="a">(NIC)notisASF8224</subfield>
        </datafield>
        <datafield ind1=" " ind2=" " tag="035">
            <subfield code="a">3601159</subfield>
        </datafield>
        <datafield ind1=" " ind2=" " tag="035">
            <subfield code="a">(OCoLC)63897151</subfield>
        </datafield>
        <datafield ind1=" " ind2=" " tag="040">
            <subfield code="a">NIC</subfield>
            <subfield code="c">NIC</subfield>
            <subfield code="d">NIC</subfield>
            <subfield code="d">NIC</subfield>
        </datafield>
        <datafield ind1="1" ind2=" " tag="100">
            <subfield code="a">Quinones, Riccardo.</subfield>
        </datafield>
        <datafield ind1="1" ind2="0" tag="245">
            <subfield code="a">Ulysses&apos; brother: the Cain and Abel theme in Dante and
                Machiavelli</subfield>
            <subfield code="h">[sound recording]</subfield>
        </datafield>
        <datafield ind1=" " ind2=" " tag="260">
            <subfield code="c">1984.</subfield>
        </datafield>
        <datafield ind1=" " ind2=" " tag="300">
            <subfield code="a">1 sound cassette (70 min.) :</subfield>
            <subfield code="b">analog, mono.</subfield>
        </datafield>
        <datafield ind1=" " ind2=" " tag="500">
            <subfield code="a">Recorded in Ithaca, NY by Cornell University.</subfield>
        </datafield>
        <datafield ind1=" " ind2=" " tag="518">
            <subfield code="a">Lecture, October 22, 1984.</subfield>
        </datafield>
        <datafield ind1=" " ind2=" " tag="520">
            <subfield code="a">Quinones describes the history of the Cain and Abel theme in
                literature, emphasizing Dante&apos;s use of it in the character of Ulysses and
                Machiavelli&apos;s &quot;revolutionary&quot; application of it in his
                work.</subfield>
        </datafield>
        <datafield ind1=" " ind2="0" tag="650">
            <subfield code="a">Comparative literature</subfield>
            <subfield code="x">Themes, motives.</subfield>
        </datafield>
        <datafield ind1=" " ind2="0" tag="650">
            <subfield code="a">Plots (Drama, novel, etc).</subfield>
        </datafield>
        <datafield ind1=" " ind2="0" tag="650">
            <subfield code="a">Cain complex.</subfield>
        </datafield>
        <datafield ind1="0" ind2="0" tag="600">
            <subfield code="a">Dante Alighieri,</subfield>
            <subfield code="d">1265-1321</subfield>
            <subfield code="x">Symbolism.</subfield>
        </datafield>
        <datafield ind1="1" ind2="0" tag="600">
            <subfield code="a">Machiavelli, Niccolo,</subfield>
            <subfield code="d">1469-1527</subfield>
            <subfield code="x">Symbolism.</subfield>
        </datafield>
        <datafield ind1="0" ind2="7" tag="600">
            <subfield code="a">Dante Alighieri,</subfield>
            <subfield code="d">1265-1321</subfield>
            <subfield code="2">fast</subfield>
            <subfield code="0">(OCoLC)fst00029097</subfield>
        </datafield>
        <datafield ind1="1" ind2="7" tag="600">
            <subfield code="a">Machiavelli, Niccol,</subfield>
            <subfield code="d">1469-1527</subfield>
            <subfield code="2">fast</subfield>
            <subfield code="0">(OCoLC)fst00029240</subfield>
        </datafield>
        <datafield ind1=" " ind2="7" tag="650">
            <subfield code="a">Cain complex</subfield>
            <subfield code="2">fast</subfield>
            <subfield code="0">(OCoLC)fst00843919</subfield>
        </datafield>
        <datafield ind1=" " ind2="7" tag="650">
            <subfield code="a">Comparative literature</subfield>
            <subfield code="x">Themes, motives</subfield>
            <subfield code="2">fast</subfield>
            <subfield code="0">(OCoLC)fst01735633</subfield>
        </datafield>
        <datafield ind1=" " ind2="7" tag="650">
            <subfield code="a">Plots (Drama, novel, etc.)</subfield>
            <subfield code="2">fast</subfield>
            <subfield code="0">(OCoLC)fst01067227</subfield>
        </datafield>
        <datafield ind1=" " ind2="7" tag="650">
            <subfield code="a">Symbolism</subfield>
            <subfield code="2">fast</subfield>
            <subfield code="0">(OCoLC)fst01140749</subfield>
        </datafield>
        <datafield ind1=" " ind2="0" tag="830">
            <subfield code="a">Renaissance colloquia.</subfield>
        </datafield>
        <datafield ind1="1" ind2=" " tag="899">
            <subfield code="a">CULectures</subfield>
        </datafield>
        <datafield ind1=" " ind2=" " tag="905">
            <subfield code="a">20000315120000.0</subfield>
        </datafield>
        <datafield ind1="2" ind2=" " tag="948">
            <subfield code="a">20141221</subfield>
            <subfield code="b">m</subfield>
            <subfield code="d">batch</subfield>
            <subfield code="e">lts</subfield>
            <subfield code="x">addfast</subfield>
        </datafield>
    </record>