
    <record xmlns="http://www.loc.gov/MARC21/slim">
        <leader>01177cim a22003372u 4500</leader>
        <controlfield tag="001">3600322</controlfield>
        <controlfield tag="005">20151214182541.0</controlfield>
        <controlfield tag="007">ss|lmnjluz|nuu</controlfield>
        <controlfield tag="008">991101s1986 nyunnn l eng d</controlfield>
        <datafield ind1=" " ind2=" " tag="035">
            <subfield code="a">(NIC)notisASF7387</subfield>
        </datafield>
        <datafield ind1=" " ind2=" " tag="035">
            <subfield code="a">3600322</subfield>
        </datafield>
        <datafield ind1=" " ind2=" " tag="035">
            <subfield code="a">(OCoLC)63895874</subfield>
        </datafield>
        <datafield ind1=" " ind2=" " tag="040">
            <subfield code="a">NIC</subfield>
            <subfield code="c">NIC</subfield>
            <subfield code="d">NIC</subfield>
            <subfield code="d">NIC</subfield>
        </datafield>
        <datafield ind1="1" ind2=" " tag="100">
            <subfield code="a">Vlastos, Gregory.</subfield>
        </datafield>
        <datafield ind1="1" ind2="0" tag="245">
            <subfield code="a">Socratic rejection of the Lex talionis</subfield>
            <subfield code="h">[sound recording]</subfield>
        </datafield>
        <datafield ind1=" " ind2=" " tag="260">
            <subfield code="c">1986.</subfield>
        </datafield>
        <datafield ind1=" " ind2=" " tag="300">
            <subfield code="a">1 sound cassette (60 min.) :</subfield>
            <subfield code="b">analog, mono.</subfield>
        </datafield>
        <datafield ind1=" " ind2=" " tag="500">
            <subfield code="a">Recorded in Ithaca, NY by Cornell University.</subfield>
        </datafield>
        <datafield ind1=" " ind2=" " tag="500">
            <subfield code="a">Accompanied by: Text;Notes.</subfield>
        </datafield>
        <datafield ind1=" " ind2=" " tag="500">
            <subfield code="a">Sponsored by: Classics, Department of.</subfield>
        </datafield>
        <datafield ind1=" " ind2=" " tag="518">
            <subfield code="a">Lecture, April 1, 1986.</subfield>
        </datafield>
        <datafield ind1=" " ind2=" " tag="520">
            <subfield code="a">Vlastos describes the conflict between the views of Socrates and the
                Lex Talionis, the ancient doctrine of retaliation.</subfield>
        </datafield>
        <datafield ind1="0" ind2="0" tag="600">
            <subfield code="a">Socrates.</subfield>
        </datafield>
        <datafield ind1=" " ind2="0" tag="650">
            <subfield code="a">Philosophy, Ancient.</subfield>
        </datafield>
        <datafield ind1=" " ind2="0" tag="650">
            <subfield code="a">Lex talionis.</subfield>
        </datafield>
        <datafield ind1="0" ind2="7" tag="600">
            <subfield code="a">Socrates</subfield>
            <subfield code="2">fast</subfield>
            <subfield code="0">(OCoLC)fst00035600</subfield>
        </datafield>
        <datafield ind1=" " ind2="7" tag="650">
            <subfield code="a">Lex talionis</subfield>
            <subfield code="2">fast</subfield>
            <subfield code="0">(OCoLC)fst00997009</subfield>
        </datafield>
        <datafield ind1=" " ind2="7" tag="650">
            <subfield code="a">Philosophy, Ancient</subfield>
            <subfield code="2">fast</subfield>
            <subfield code="0">(OCoLC)fst01060860</subfield>
        </datafield>
        <datafield ind1="1" ind2=" " tag="899">
            <subfield code="a">CULectures</subfield>
        </datafield>
        <datafield ind1=" " ind2=" " tag="905">
            <subfield code="a">20000403120000.0</subfield>
        </datafield>
        <datafield ind1="2" ind2=" " tag="948">
            <subfield code="a">20141221</subfield>
            <subfield code="b">m</subfield>
            <subfield code="d">batch</subfield>
            <subfield code="e">lts</subfield>
            <subfield code="x">addfast</subfield>
        </datafield>
    </record>