
    <record xmlns="http://www.loc.gov/MARC21/slim">
        <leader>01491cim a22003852u 4500</leader>
        <controlfield tag="001">3601967</controlfield>
        <controlfield tag="005">20151214183007.0</controlfield>
        <controlfield tag="007">ss|lmnjluz|nuu</controlfield>
        <controlfield tag="008">991101s1988 nyunnn l eng d</controlfield>
        <datafield ind1=" " ind2=" " tag="035">
            <subfield code="a">(NIC)notisASF9032</subfield>
        </datafield>
        <datafield ind1=" " ind2=" " tag="035">
            <subfield code="a">3601967</subfield>
        </datafield>
        <datafield ind1=" " ind2=" " tag="035">
            <subfield code="a">(OCoLC)63898570</subfield>
        </datafield>
        <datafield ind1=" " ind2=" " tag="040">
            <subfield code="a">NIC</subfield>
            <subfield code="c">NIC</subfield>
            <subfield code="d">NIC</subfield>
            <subfield code="d">NIC</subfield>
        </datafield>
        <datafield ind1="1" ind2=" " tag="100">
            <subfield code="a">Fuentes, Carlos.</subfield>
        </datafield>
        <datafield ind1="1" ind2="0" tag="245">
            <subfield code="a">Carlos Fuentes reads from his work</subfield>
            <subfield code="h">[sound recording]</subfield>
        </datafield>
        <datafield ind1=" " ind2=" " tag="260">
            <subfield code="c">1988.</subfield>
        </datafield>
        <datafield ind1=" " ind2=" " tag="300">
            <subfield code="a">1 sound cassette (63 min.) :</subfield>
            <subfield code="b">analog, mono.</subfield>
        </datafield>
        <datafield ind1=" " ind2=" " tag="500">
            <subfield code="a">Recorded in Ithaca, NY by Cornell University.</subfield>
        </datafield>
        <datafield ind1=" " ind2=" " tag="500">
            <subfield code="a">Sponsored by: Romance Studies, Department of.</subfield>
        </datafield>
        <datafield ind1=" " ind2=" " tag="500">
            <subfield code="a">Speaker(s): He is a Mexican novelist.</subfield>
        </datafield>
        <datafield ind1=" " ind2=" " tag="518">
            <subfield code="a">Reading, October 12, 1988.</subfield>
        </datafield>
        <datafield ind1=" " ind2=" " tag="520">
            <subfield code="a">Fuentes discusses his motivations for writing and the functions and
                expectations of writers in Latin America. The author quotes examples from his own
                writings to illustrate topics.</subfield>
        </datafield>
        <datafield ind1="1" ind2="0" tag="600">
            <subfield code="a">Fuentes, Carlos.</subfield>
        </datafield>
        <datafield ind1=" " ind2="0" tag="650">
            <subfield code="a">Authors, Latin American.</subfield>
        </datafield>
        <datafield ind1=" " ind2="0" tag="650">
            <subfield code="a">Authors, Mexican.</subfield>
        </datafield>
        <datafield ind1=" " ind2="0" tag="650">
            <subfield code="a">Latin American literature</subfield>
            <subfield code="y">20th century.</subfield>
        </datafield>
        <datafield ind1="1" ind2="7" tag="600">
            <subfield code="a">Fuentes, Carlos</subfield>
            <subfield code="2">fast</subfield>
            <subfield code="0">(OCoLC)fst00050724</subfield>
        </datafield>
        <datafield ind1=" " ind2="7" tag="648">
            <subfield code="a">1900 - 1999</subfield>
            <subfield code="2">fast</subfield>
        </datafield>
        <datafield ind1=" " ind2="7" tag="650">
            <subfield code="a">Authors, Latin American</subfield>
            <subfield code="2">fast</subfield>
            <subfield code="0">(OCoLC)fst00822201</subfield>
        </datafield>
        <datafield ind1=" " ind2="7" tag="650">
            <subfield code="a">Authors, Mexican</subfield>
            <subfield code="2">fast</subfield>
            <subfield code="0">(OCoLC)fst00822228</subfield>
        </datafield>
        <datafield ind1=" " ind2="7" tag="650">
            <subfield code="a">Latin American literature</subfield>
            <subfield code="2">fast</subfield>
            <subfield code="0">(OCoLC)fst00993031</subfield>
        </datafield>
        <datafield ind1=" " ind2="0" tag="830">
            <subfield code="a">Rose Goldsen memorial lectures.</subfield>
        </datafield>
        <datafield ind1="1" ind2=" " tag="899">
            <subfield code="a">CULectures</subfield>
        </datafield>
        <datafield ind1=" " ind2=" " tag="905">
            <subfield code="a">20000313120000.0</subfield>
        </datafield>
        <datafield ind1="2" ind2=" " tag="948">
            <subfield code="a">20141221</subfield>
            <subfield code="b">m</subfield>
            <subfield code="d">batch</subfield>
            <subfield code="e">lts</subfield>
            <subfield code="x">addfast</subfield>
        </datafield>
    </record>