
    <record xmlns="http://www.loc.gov/MARC21/slim">
        <leader>01545cim a22003732u 4500</leader>
        <controlfield tag="001">3602058</controlfield>
        <controlfield tag="005">20151214183021.0</controlfield>
        <controlfield tag="007">ss|lmnjluz|nuu</controlfield>
        <controlfield tag="008">991101s1988 nyunnn l eng d</controlfield>
        <datafield ind1=" " ind2=" " tag="035">
            <subfield code="a">(NIC)notisASF9123</subfield>
        </datafield>
        <datafield ind1=" " ind2=" " tag="035">
            <subfield code="a">3602058</subfield>
        </datafield>
        <datafield ind1=" " ind2=" " tag="035">
            <subfield code="a">(OCoLC)63898705</subfield>
        </datafield>
        <datafield ind1=" " ind2=" " tag="040">
            <subfield code="a">NIC</subfield>
            <subfield code="c">NIC</subfield>
            <subfield code="d">NIC</subfield>
            <subfield code="d">NIC</subfield>
        </datafield>
        <datafield ind1="1" ind2=" " tag="100">
            <subfield code="a">Colby, William Egan,</subfield>
            <subfield code="d">1920-1996.</subfield>
        </datafield>
        <datafield ind1="1" ind2="0" tag="245">
            <subfield code="a">Covert action in a democracy: the ethical considerations</subfield>
            <subfield code="h">[sound recording]</subfield>
        </datafield>
        <datafield ind1=" " ind2=" " tag="260">
            <subfield code="c">1988.</subfield>
        </datafield>
        <datafield ind1=" " ind2=" " tag="300">
            <subfield code="a">2 sound cassettes :</subfield>
            <subfield code="b">analog, mono.</subfield>
        </datafield>
        <datafield ind1=" " ind2=" " tag="500">
            <subfield code="a">Recorded in Ithaca, NY by Cornell University.</subfield>
        </datafield>
        <datafield ind1=" " ind2=" " tag="500">
            <subfield code="a">Sponsored by: Ethics and Public Life, Program on,Carnegie Council on
                Ethics and International Affairs.</subfield>
        </datafield>
        <datafield ind1=" " ind2=" " tag="500">
            <subfield code="a">Speaker(s): Colby was the Director of the U.S. Central Intelligence
                Agency, 1973-76. Beitz is Professor of Political Science at Swarthmore
                College.</subfield>
        </datafield>
        <datafield ind1=" " ind2=" " tag="518">
            <subfield code="a">Lecture, December 1, 1988.</subfield>
        </datafield>
        <datafield ind1=" " ind2=" " tag="520">
            <subfield code="a">Colby and Beitz discuss the politics of covert action, debating on
                such aspects as secrecy and efficacy.</subfield>
        </datafield>
        <datafield ind1=" " ind2="0" tag="650">
            <subfield code="a">Democracy.</subfield>
        </datafield>
        <datafield ind1=" " ind2="0" tag="650">
            <subfield code="a">Ethics.</subfield>
        </datafield>
        <datafield ind1="1" ind2="0" tag="610">
            <subfield code="a">United States.</subfield>
            <subfield code="b">Central Intelligence Agency</subfield>
        </datafield>
        <datafield ind1=" " ind2="0" tag="650">
            <subfield code="a">Intelligence service.</subfield>
        </datafield>
        <datafield ind1="1" ind2="7" tag="610">
            <subfield code="a">United States.</subfield>
            <subfield code="b">Central Intelligence Agency</subfield>
            <subfield code="2">fast</subfield>
            <subfield code="0">(OCoLC)fst00536259</subfield>
        </datafield>
        <datafield ind1=" " ind2="7" tag="650">
            <subfield code="a">Democracy</subfield>
            <subfield code="2">fast</subfield>
            <subfield code="0">(OCoLC)fst00890077</subfield>
        </datafield>
        <datafield ind1=" " ind2="7" tag="650">
            <subfield code="a">Ethics</subfield>
            <subfield code="2">fast</subfield>
            <subfield code="0">(OCoLC)fst00915833</subfield>
        </datafield>
        <datafield ind1=" " ind2="7" tag="650">
            <subfield code="a">Intelligence service</subfield>
            <subfield code="2">fast</subfield>
            <subfield code="0">(OCoLC)fst00975848</subfield>
        </datafield>
        <datafield ind1="1" ind2=" " tag="700">
            <subfield code="a">Beitz, Charles R.</subfield>
        </datafield>
        <datafield ind1="1" ind2=" " tag="899">
            <subfield code="a">CULectures</subfield>
        </datafield>
        <datafield ind1=" " ind2=" " tag="905">
            <subfield code="a">20000314120000.0</subfield>
        </datafield>
        <datafield ind1="2" ind2=" " tag="948">
            <subfield code="a">20141221</subfield>
            <subfield code="b">m</subfield>
            <subfield code="d">batch</subfield>
            <subfield code="e">lts</subfield>
            <subfield code="x">addfast</subfield>
        </datafield>
    </record>