
    <record xmlns="http://www.loc.gov/MARC21/slim">
        <leader>01927cim a22003972u 4500</leader>
        <controlfield tag="001">3601796</controlfield>
        <controlfield tag="005">20151214182939.0</controlfield>
        <controlfield tag="007">ss|lmnjluz|nuu</controlfield>
        <controlfield tag="008">991101s1989 nyunnn l eng d</controlfield>
        <datafield ind1=" " ind2=" " tag="035">
            <subfield code="a">(NIC)notisASF8861</subfield>
        </datafield>
        <datafield ind1=" " ind2=" " tag="035">
            <subfield code="a">3601796</subfield>
        </datafield>
        <datafield ind1=" " ind2=" " tag="035">
            <subfield code="a">(OCoLC)63898213</subfield>
        </datafield>
        <datafield ind1=" " ind2=" " tag="040">
            <subfield code="a">NIC</subfield>
            <subfield code="c">NIC</subfield>
            <subfield code="d">NIC</subfield>
            <subfield code="d">NIC</subfield>
        </datafield>
        <datafield ind1="1" ind2=" " tag="100">
            <subfield code="a">Mailer, Norman.</subfield>
        </datafield>
        <datafield ind1="1" ind2="4" tag="245">
            <subfield code="a">The right to write</subfield>
            <subfield code="h">[sound recording]</subfield>
        </datafield>
        <datafield ind1=" " ind2=" " tag="260">
            <subfield code="c">1989.</subfield>
        </datafield>
        <datafield ind1=" " ind2=" " tag="300">
            <subfield code="a">2 sound cassettes :</subfield>
            <subfield code="b">analog, mono.</subfield>
        </datafield>
        <datafield ind1=" " ind2=" " tag="500">
            <subfield code="a">Recorded in Ithaca, NY by Cornell University.</subfield>
        </datafield>
        <datafield ind1=" " ind2=" " tag="500">
            <subfield code="a">Sponsored by: Cornell University Program Board,Alpha Delta Phi
                Fraternity.</subfield>
        </datafield>
        <datafield ind1=" " ind2=" " tag="500">
            <subfield code="a">Speaker(s): Pulitzer prize winner; co-founder of The Village Voice;
                author of The Armies of the Night, The Naked and the Dead, The Executioner&apos;s
                Song, Tough Guys Don&apos;t Dance, and other works.</subfield>
        </datafield>
        <datafield ind1=" " ind2=" " tag="518">
            <subfield code="a">Lecture, April 4, 1989.</subfield>
        </datafield>
        <datafield ind1=" " ind2=" " tag="520">
            <subfield code="a">Mailer talks of his involvement with the group of writers who spoke
                out against the Ayatollah Khomeni&apos;s death threats to Salmon Rushdie and against
                Walden Books, who pulled Rushdie&apos;s book, &quot;Satanic Verses&quot;, from their
                shelves. He recounts the meeting between the writers and a group of Black Muslims to
                come to some understanding of their opposing positions. He tries to convey a sense
                of what Khomeni&apos;s threat symbolized to Western writers.</subfield>
        </datafield>
        <datafield ind1="1" ind2="0" tag="600">
            <subfield code="a">Rushdie, Salman.</subfield>
            <subfield code="t">Satanic verses.</subfield>
        </datafield>
        <datafield ind1=" " ind2="0" tag="650">
            <subfield code="a">Censorship.</subfield>
        </datafield>
        <datafield ind1=" " ind2="0" tag="650">
            <subfield code="a">Prohibited books.</subfield>
        </datafield>
        <datafield ind1=" " ind2="0" tag="650">
            <subfield code="a">Muslims.</subfield>
        </datafield>
        <datafield ind1=" " ind2="0" tag="650">
            <subfield code="a">Literature, Modern</subfield>
            <subfield code="y">20th century.</subfield>
        </datafield>
        <datafield ind1=" " ind2="7" tag="630">
            <subfield code="a">Satanic verses (Rushdie, Salman)</subfield>
            <subfield code="2">fast</subfield>
            <subfield code="0">(OCoLC)fst01374831</subfield>
        </datafield>
        <datafield ind1=" " ind2="7" tag="648">
            <subfield code="a">1900 - 1999</subfield>
            <subfield code="2">fast</subfield>
        </datafield>
        <datafield ind1=" " ind2="7" tag="650">
            <subfield code="a">Censorship</subfield>
            <subfield code="2">fast</subfield>
            <subfield code="0">(OCoLC)fst00850568</subfield>
        </datafield>
        <datafield ind1=" " ind2="7" tag="650">
            <subfield code="a">Literature, Modern</subfield>
            <subfield code="2">fast</subfield>
            <subfield code="0">(OCoLC)fst01000172</subfield>
        </datafield>
        <datafield ind1=" " ind2="7" tag="650">
            <subfield code="a">Muslims</subfield>
            <subfield code="2">fast</subfield>
            <subfield code="0">(OCoLC)fst01031029</subfield>
        </datafield>
        <datafield ind1=" " ind2="7" tag="650">
            <subfield code="a">Prohibited books</subfield>
            <subfield code="2">fast</subfield>
            <subfield code="0">(OCoLC)fst01078755</subfield>
        </datafield>
        <datafield ind1="1" ind2=" " tag="899">
            <subfield code="a">CULectures</subfield>
        </datafield>
        <datafield ind1=" " ind2=" " tag="905">
            <subfield code="a">20000120120000.0</subfield>
        </datafield>
        <datafield ind1="2" ind2=" " tag="948">
            <subfield code="a">20141221</subfield>
            <subfield code="b">m</subfield>
            <subfield code="d">batch</subfield>
            <subfield code="e">lts</subfield>
            <subfield code="x">addfast</subfield>
        </datafield>
    </record>