
    <record xmlns="http://www.loc.gov/MARC21/slim">
        <leader>00774cim a22002412u 4500</leader>
        <controlfield tag="001">3605552</controlfield>
        <controlfield tag="005">20151214183542.0</controlfield>
        <controlfield tag="007">ss|lmnjluz|nuu</controlfield>
        <controlfield tag="008">991101s1995 nyunnn l eng d</controlfield>
        <datafield ind1=" " ind2=" " tag="035">
            <subfield code="a">(NIC)notisASG2617</subfield>
        </datafield>
        <datafield ind1=" " ind2=" " tag="035">
            <subfield code="a">3605552</subfield>
        </datafield>
        <datafield ind1=" " ind2=" " tag="035">
            <subfield code="a">(OCoLC)63904890</subfield>
        </datafield>
        <datafield ind1=" " ind2=" " tag="040">
            <subfield code="a">NIC</subfield>
            <subfield code="c">NIC</subfield>
            <subfield code="d">NIC</subfield>
        </datafield>
        <datafield ind1="1" ind2=" " tag="100">
            <subfield code="a">Green, Andr</subfield>
        </datafield>
        <datafield ind1="1" ind2="4" tag="245">
            <subfield code="a">The scene, an uninhabited island (on &quot;The
                Tempest&quot;)</subfield>
            <subfield code="h">[sound recording]</subfield>
        </datafield>
        <datafield ind1=" " ind2=" " tag="260">
            <subfield code="c">1995.</subfield>
        </datafield>
        <datafield ind1=" " ind2=" " tag="300">
            <subfield code="a">2 sound cassettes (100 min.) :</subfield>
            <subfield code="b">analog, mono.</subfield>
        </datafield>
        <datafield ind1=" " ind2=" " tag="500">
            <subfield code="a">Recorded in Ithaca, NY by Cornell University.</subfield>
        </datafield>
        <datafield ind1=" " ind2=" " tag="500">
            <subfield code="a">Sponsored by: Society for the Humanities.</subfield>
        </datafield>
        <datafield ind1=" " ind2=" " tag="500">
            <subfield code="a">Speaker(s): Practicing psychoanalyst.</subfield>
        </datafield>
        <datafield ind1=" " ind2=" " tag="518">
            <subfield code="a">Lecture, May 1, 1995, 4:30pm, Goldwin Smith D.</subfield>
        </datafield>
        <datafield ind1="1" ind2=" " tag="899">
            <subfield code="a">CULectures</subfield>
        </datafield>
        <datafield ind1=" " ind2=" " tag="905">
            <subfield code="a">20000314120000.0</subfield>
        </datafield>
    </record>